@article{boasvindasunb,
	Title = {Boas-Vindas UnB},
	Year = {2023},
  author = {UnB},
	Url = {https://www.boasvindas.unb.br/plataformas#:~:text=APRENDER%203%20UnB%20O%20Aprender%20%C3%A9%20um%20ambiente,coleciona%20recursos%20e%20ferramentas%20voltados%20ao%20ensino-aprendizagem%20on-line},
}

@article{hattie2007,
	author = {John Hattie and Helen Timperley},
	Title = {The Power of Feedback},
	Year = {2007},
	Booktitle = {The Power of Feedback},
	Url = {https://journals.sagepub.com/doi/full/10.3102/003465430298487},
}

@book{ieee2019,
 author = {IEEE Computer Society},
 title = {Guide to the Software Engineering Body of Knowledge},
 year = {2019},
 pages = {},
 Booktitle = {Guide to the Software Engineering Body of Knowledge},
 volume = {},
 number = {},
 publisher = {},
 address = {},
}

@book{teorias,
 author = {Moreira},
 title = {A teoria da aprendizagem significativa de Ausubel},
 pages = {},
 Booktitle = {Teorias de Aprendizagem},
 volume = {},
 number = {},
 publisher = {},
 address = {},
}

@article{domingos2006,
	Author = {Domingos Fernandes},
	Title = {Para uma teoria da avaliação formativa},
	Year = {2006},
	Booktitle = {Para uma teoria da avaliação formativa},
	Url ={https://repositorio.ul.pt/bitstream/10451/5495/1/Para%20uma%20teoria%20da%20avaliac%CC%A7a%CC%83o%20formativav19n2a03%283%29.pdf}
}

@article{shute2008focus,
  title={Focus on formative feedback},
  author={Shute, Valerie J},
  journal={Review of educational research},
  volume={78},
  number={1},
  pages={153--189},
  year={2008},
  publisher={Sage Publications}
}

@article{hatziapostolou2010enhancing,
  title={Enhancing the impact of formative feedback on student learning through an online feedback system.},
  author={Hatziapostolou, Thanos and Paraskakis, Iraklis},
  journal={Electronic Journal of E-learning},
  volume={8},
  number={2},
  pages={111--122},
  year={2010},
  publisher={ERIC}
}

@article{dall1999grupos,
  title={Grupos focais como estrat{\'e}gia metodol{\'o}gica em pesquisas na enfermagem},
  author={Dall'Agnol, Clarice Maria and Trench, Maria Helena},
  journal={Revista ga{\'u}cha de enfermagem. Porto Alegre. Vol. 20, n. 1 (jan. 1999), p. 5-25},
  year={1999}
}

@article{corona2013review,
  title={A review of lean-kanban approaches in the software development},
  author={Corona, Erika and Pani, Filippo Eros and others},
  journal={WSEAS transactions on information science and applications},
  volume={10},
  number={1},
  pages={1--13},
  year={2013},
  publisher={WSEAS}
}

@article{articleFocalGroup,
author = {Barbour, Rosaline and Kitzinger, Jenny},
year = {1999},
month = {01},
pages = {},
title = {Developing focus group research: Politics, theory and practice},
journal = {Sage Publications Limited},
doi = {10.4135/9781849208857.n1}
}

@article{krosnick1999survey,
  title={Survey research},
  author={Krosnick, Jon A},
  journal={Annual review of psychology},
  volume={50},
  number={1},
  pages={537--567},
  year={1999},
  publisher={Annual Reviews 4139 El Camino Way, PO Box 10139, Palo Alto, CA 94303-0139, USA}
}

@article{dias2000grupo,
  title={Grupo focal: t{\'e}cnica de coleta de dados em pesquisas qualitativas},
  author={Dias, Cl{\'a}udia Augusto},
  journal={Informa{\c{c}}{\~a}o \& Sociedade},
  volume={10},
  number={2},
  year={2000},
  publisher={Universidade Federal da Para{\'\i}ba-Programa de P{\'o}s-Gradua{\c{c}}{\~a}o em Ci{\^e}ncia da~…}
}

@article{caplan1990using,
  title={Using focus group methodology for ergonomic design},
  author={Caplan, Stanley},
  journal={Ergonomics},
  volume={33},
  number={5},
  pages={527--533},
  year={1990},
  publisher={Taylor \& Francis}
}

@article{pinsonneault1993survey,
  title={Survey research methodology in management information systems: an assessment},
  author={Pinsonneault, Alain and Kraemer, Kenneth},
  journal={Journal of management information systems},
  volume={10},
  number={2},
  pages={75--105},
  year={1993},
  publisher={Taylor \& Francis}
}

@article{freitas2000metodo,
  title={O m{\'e}todo de pesquisa survey},
  author={Freitas, Henrique and Oliveira, M{\'\i}rian and Saccol, Amarolinda Zanela and Moscarola, Jean},
  journal={Revista de Administra\&ccdeil; {\~a}o da Universidade de S{\~a}o Paulo},
  volume={35},
  number={3},
  year={2000}
}

@article{sampaio2007estudos,
  title={Estudos de revis{\~a}o sistem{\'a}tica: um guia para s{\'\i}ntese criteriosa da evid{\^e}ncia cient{\'\i}fica},
  author={Sampaio, Rosana Ferreira and Mancini, Marisa Cotta},
  journal={Brazilian Journal of Physical Therapy},
  volume={11},
  pages={83--89},
  year={2007},
  publisher={SciELO Brasil}
}

@inproceedings{wohlin2014guidelines,
  title={Guidelines for snowballing in systematic literature studies and a replication in software engineering},
  author={Wohlin, Claes},
  booktitle={Proceedings of the 18th international conference on evaluation and assessment in software engineering},
  pages={1--10},
  year={2014}
}

@inproceedings{freitas2005avaliaccao,
  title={A avalia{\c{c}}{\~a}o da confiabilidade de question{\'a}rios: uma an{\'a}lise utilizando o coeficiente alfa de Cronbach},
  author={Freitas, Andr{\'e} Lu{\'\i}s Policani and Rodrigues, Sidilene Gon{\c{c}}alves},
  booktitle={Simp{\'o}sio de Engenharia de produ{\c{c}}{\~a}o},
  volume={12},
  number={2005},
  pages={07--09},
  year={2005}
}

@article{flores2009,
	author = {Angelita Marçal Flores},
	Title = {O FEEDBACK COMO RECURSO PARA A MOTIVAÇÃO E AVALIAÇÃO DA APRENDIZAGEM NA EDUCAÇÃO A DISTÂNCIA },
	Year = {2009},
	Booktitle = {O FEEDBACK COMO RECURSO PARA A MOTIVAÇÃO E AVALIAÇÃO DA APRENDIZAGEM NA EDUCAÇÃO A DISTÂNCIA },
	Url = {https://ceduc.unifei.edu.br/wp-content/uploads/2020/05/O-feedback-como-recurso-para-a-motiva%C3%A7%C3%A3o-e-avalia%C3%A7%C3%A3o-da-aprendizagem-na-ead.pdf}
}

@article{villasboas2023,
	author = {Benigna Maria de Freitas Villas Boas},
	Title = {Inteligência artificial e feedback: novo desafio em avaliação},
	Year = {2023},
	Booktitle = {Inteligência artificial e feedback: novo desafio em avaliação},
	Url = {https://gepa-avaliacaoeducacional.com.br/inteligencia-artificial-e-feedback-novo-desafio-em-avaliacao-2/}
}

@article{xu2023,
	author = {Wenzhong Xu, Jun Meng, S. Kanaga Suba Raja, M. Padma Priya, and M. Kiruthiga Devi},
	Title = {Artificial intelligence in constructing personalized and accurate feedback systems for students},
	Year = {2023},
	Booktitle = {Artificial intelligence in constructing personalized and accurate feedback systems for students},
	Url = {https://www.worldscientific.com/doi/abs/10.1142/S1793962323410015}
}

@article{sigaamds,
  title={SIGAA},
  year={2023},
  author={UnB},
  publisher={Universidade de Brasília},
  Url = {https://sigaa.unb.br/sigaa/link/public/ensino/visualizarComponente/188388}
}

@article{sigaamreq,
  title={SIGAA},
  year={2023},
  author={UnB},
  publisher={Universidade de Brasília},
  Url = {https://sigaa.unb.br/sigaa/link/public/ensino/visualizarComponente/189154}
}

@article{vaz2021,
  title={Um Estudo sobre o Feedback Formativo na Avaliação em Matemática e sua Conexão com a Atribuição de Notas},
  author={Rafael Filipe Novôa Vaz },
  year={2021},
  publisher={SciELO},
  Url = {https://www.scielo.br/j/bolema/a/vGGhTsgZLkYGxkDZ48tBvDd/#}
}

@article{surveymonkey2023,
  title={Diferença entre a pesquisa quantitativa e a qualitativa},
  year={2023},
  publisher={SurveyMonkey},
  author={SurveyMonkey},
  Url = {https://pt.surveymonkey.com/mp/quantitative-vs-qualitative-research/#:~:text=Simplificando%2C%20a%20principal%20diferen%C3%A7a%20entre,os%20detalhes%20das%20informa%C3%A7%C3%B5es%20obtidas.}
}

@article{oliva2023,
  title={Avaliação Educacional: O que é e Importância},
  author={Aline Oliva},
  year={2023},
  publisher={QuestionPro},
  Url = {https://www.questionpro.com/blog/pt-br/avaliacao-educacional/#:~:text=A%20avalia%C3%A7%C3%A3o%20educacional%20consiste%20em,que%20pelo%20desempenho%20acad%C3%AAmico%20formal.}
}

@article{oracleia2023,
  title={O que é IA? Saiba mais sobre inteligência artificial},
  author={Oracle},
  year={2023},
  publisher={Oracle},
  Url = {https://www.oracle.com/br/artificial-intelligence/what-is-ai/}
}

@article{tabnews2023,
  title={Django e Arquitetura Limpa — A verdadeira batalha},
  year={2023},
  author={Gustavo Valle},
  publisher={TabNews},
  Url = {https://www.tabnews.com.br/gustavovalle23/django-e-arquitetura-limpa-a-verdadeira-batalha}
}

@article{amazonnlp2023,
  title={O que é processamento de linguagem natural (PLN)?},
  year={2023},
  author={Amazon},
  publisher={Amazon},
  Url = {https://aws.amazon.com/pt/what-is/nlp/}
}

@article{openai2024,
  Title = {OpenAI API Reference},
  Year = {2024},
  publisher={OpenAI},
  author={OpenAI},
  Url = {https://platform.openai.com/docs/api-reference/introduction},
}